

@book{gasnikov-book,
    author = "A. В. Гасников",
   publisher = "МФТИ",
   title = "Современные численные методы оптимизации",
   year = "2018",
}


@book{convex-book,
   author = "Stephen Boyd and Lieven Vandenberghe",
   publisher = "Cambridge University Press",
   title = "Convex Optimization",
   year = "2004",
}





@article{Hendrikx-paper,
    author = "Hendrikx et al.",
    title = "Statistically preconditioned accelerated gradient method for distributed optimization",
    journal = "International conference on machine learning",
    year = "2020"
}




@article{Troop-paper,
    author = "Troop J.",
    title = "User-friendly tail bounds for sums of random matrices",
    journal = "Foundations of computational mathematic",
    year = "2012"
}
@article{Danilova-paper,
    author = "Danilova et al.",
    title = "Recent Theoretical Advances in Non-Convex
Optimization",
    journal = "SOIA,volume 191",
    year = "2022"
}

@article{Kuruzov-paper,
    author = "Kuruzov et al.",
    title = "Gradient-Type Methods For Decentralized Optimization Problems
With Polyak- Lojasiewicz Condition Over Time-Varying Networks",
    journal = "arXiv preprint arXiv:2210.03810",
    year = "2022"
}
@article{Karimi-paper,
    author = "Karimi et al.",
    title = "Linear Convergence of Gradient and Proximal-Gradient
Methods Under the Polyak- Lojasiewicz Condition",
    journal = "Machine Learning and Knowledge Discovery in Databases",
    year = "2016"
}
